@Manual{R,
    title = {R: A Language and Environment for Statistical Computing},
    author = {{R Core Team}},
    organization = {R Foundation for Statistical Computing},
    address = {Vienna, Austria},
    year = {2019},
    url = {https://www.R-project.org/},
  }

@Manual{cmdstanr,
    title = {cmdstanr: R Interface to 'CmdStan'},
    author = {Jonah Gabry and Rok Češnovar},
    year = {2021},
    note = {https://mc-stan.org/cmdstanr, https://discourse.mc-stan.org},
  }

@Manual{stan,
    title = {Stan Modeling Language Users Guide and Reference Manual, 2.28.1},
    author = {Stan Development Team},
    year = {2021},
    note = {https://mc-stan.org},
  }

@Manual{scoringutils,
  title = {scoringutils: A collection of proper scoring rules and metrics to assess predictions},
  author = {Nikos Bosse},
  year = {2020},
  note = {R package version 0.0.0.9000},
  url = {https://github.com/epiforecasts/scoringutils}
}

@Article{betancourt_2017,
  title={Diagnosing biased inference with divergences},
  author={Betancourt, Michael},
  year={2017},
  volume={4},
  journal={Stan Case Studies},
  url={https://mc-stan.org/users/documentation/case-studies/divergences_and_bias.html}
}

@Article{forecast.vocs,
  title = {forecast.vocs: Forecast case and sequence notifications using variant of concern strain dynamics},
  author = {Sam Abbott},
  journal = {Zenodo},
  year = {2021},
  doi = {10.5281/zenodo.5559016},
  }

  @Misc{loo,
    title = {loo: Efficient leave-one-out cross-validation and WAIC for Bayesian models},
    author = {Aki Vehtari and Jonah Gabry and Mans Magnusson and Yuling Yao and Paul-Christian Bürkner and Topi Paananen and Andrew Gelman},
    year = {2020},
    note = {R package version 2.4.1},
    url = {https://mc-stan.org/loo/},
  }

  @Article{loo-paper,
    title = {Practical Bayesian model evaluation using leave-one-out cross-validation and WAIC},
    author = {Aki Vehtari and Andrew Gelman and Jonah Gabry},
    year = {2017},
    journal = {Statistics and Computing},
    volume = {27},
    issue = {5},
    pages = {1413--1432},
    doi = {10.1007/s11222-016-9696-4},
  }

@Article{pearson-omicron,
  title={Bounding the levels of transmissibility \& immune evasion of the Omicron
variant in South Africa},
  author={Carl A. B. Pearson and Sheetal P. Silal and Michael W.Z. Li and Jonathan Dushoff and Benjamin M. Bolker and Sam Abbott and Cari van Schalkwyk and Nicholas G. Davies and Rosanna C. Barnard and W. John Edmunds and Jeremy Bingham and Gesine Meyer-Rath and Lise Jamieson and Allison Glass and Nicole Wolter and Nevashan Govender and Wendy S. Stevens and Lesley Scott and Koleka Mlisana and Harry Moultrie and Juliet R. C. Pulliam},
  year={2021},
  url={https://www.sacmcepidemicexplorer.co.za/downloads/Pearson_etal_Omicron.pdf}
}

@Article{golding-omicron,
  title={Analyses to predict the efficacy and waning of vaccines and previous infection against transmission and clinical outcomes of SARS-CoV-2 variants},
  author={Nick Golding},
  year={2021},
  url={https://github.com/goldingn/neuts2efficacy}
}

@Article{brandal-omicron-incubation,
   author = "Brandal, Lin T. and MacDonald, Emily and Veneti, Lamprini and Ravlo, Tine and Lange, Heidi and Naseer, Umaer and Feruglio, Siri and Bragstad, Karoline and Hungnes, Olav and Ødeskaug, Liz E. and Hagen, Frode and Hanch-Hansen, Kristian E. and Lind, Andreas and Watle, Sara Viksmoen and Taxt, Arne M. and Johansen, Mia and Vold, Line and Aavitsland, Preben and Nygård, Karin and Madslien, Elisabeth H.",
   title = "Outbreak caused by the SARS-CoV-2 Omicron variant in Norway, November to December 2021",
   journal = "Eurosurveillance",
   year = "2021",
   volume = "26",
   number = "50",
   eid = 2101147,
   pages = "",
   url = "https://www.eurosurveillance.org/content/10.2807/1560-7917.ES.2021.26.50.2101147",
   doi = "https://doi.org/10.2807/1560-7917.ES.2021.26.50.2101147"
}

@Article{ferguson-omicron-transmission,
  author = "Neil Ferguson, Azra Ghani, Anne Cori, Alexandra Hogan, Wes Hinsley, Erik Volz",
  title = "Report 49 - Growth, population distribution and immune escape of Omicron in England",
  year = {2021},
  url = {https://www.imperial.ac.uk/mrc-global-infectious-disease-analysis/covid-19/report-49-Omicron/}
}
